@article{hestenes1952methods,
  title={Methods of conjugate gradients for solving linear systems},
  author={Hestenes, Magnus R and Stiefel, Eduard and others},
  journal={Journal of research of the National Bureau of Standards},
  volume={49},
  number={6},
  pages={409--436},
  year={1952}
}
@article{nla,
  title={Numerical Linear Algebra},
  author={Lloyd N. Trefethen, David Bau III},
  journal={SIAM},
  lecture={10},
  pages={74},
  year={1997}
}